<record><leader>00000cas a22000007a 4500</leader><controlfield tag="001">12393024</controlfield><controlfield tag="008">850816d18721879mouwr ne      0    0eng d</controlfield><datafield ind1=" " ind2=" " tag="010"><subfield code="a">sn 85034036 </subfield></datafield><datafield ind1=" " ind2=" " tag="040"><subfield code="a">NPU</subfield><subfield code="b">eng</subfield><subfield code="c">NPU</subfield><subfield code="d">NPX</subfield><subfield code="d">MQN</subfield><subfield code="d">OCLCQ</subfield></datafield><datafield ind1=" " ind2=" " tag="042"><subfield code="a">msc</subfield></datafield><datafield ind1="0" ind2=" " tag="130"><subfield code="a">Living democrat (Nevada, Mo.)</subfield></datafield><datafield ind1="1" ind2="4" tag="245"><subfield code="a">The living democrat.</subfield></datafield><datafield ind1=" " ind2=" " tag="260"><subfield code="a">Nevada, Mo. :</subfield><subfield code="b">Sam. H. Thompson</subfield></datafield><datafield ind1=" " ind2=" " tag="300"><subfield code="a">v. ;</subfield><subfield code="c">66 cm.</subfield></datafield><datafield ind1=" " ind2=" " tag="310"><subfield code="a">Weekly</subfield></datafield><datafield ind1="1" ind2=" " tag="362"><subfield code="a">Began in 1872? Ceased in 1879?</subfield></datafield><datafield ind1=" " ind2=" " tag="588"><subfield code="a">Description based on: Vol. 1, no. 50 (Mar. 14, 1873).</subfield></datafield><datafield ind1=" " ind2=" " tag="752"><subfield code="a">United States</subfield><subfield code="b">Missouri</subfield><subfield code="c">Vernon</subfield><subfield code="d">Nevada.</subfield></datafield><datafield ind1="0" ind2="0" tag="785"><subfield code="t">Vernon County democrat (Nevada, Mo. : 1880)</subfield><subfield code="w">(DLC)sn 90061181</subfield></datafield></record>